@article{Kulda,
  title = {Inelastic-neutron-scattering study of phonon eigenvectors and frequencies in Si},
  author = {Kulda, and others},
  journal = {Phys. Rev. B},
  volume = {50},
  issue = {18},
  pages = {13347--13354},
  numpages = {0},
  year = {1994},
  month = {Nov},
  publisher = {American Physical Society},
}

@article{raman,
title = "Modifying single-crystalline silicon by femtosecond laser pulses: an analysis by micro Raman spectroscopy, scanning laser microscopy and atomic force microscopy",
journal = "Applied Surface Science",
volume = "221",
number = "1",
pages = "215 - 230",
year = "2004",
issn = "0169-4332",
doi = "https://doi.org/10.1016/S0169-4332(03)00881-X",
author = "J Bonse and K.-W Brzezinka and A.J Meixner",
}

@article{sic,
author={M. A. {Hopcroft} and W. D. {Nix} and T. W. {Kenny}},
journal={Journal of Microelectromechanical Systems},
title={What is the Young's Modulus of Silicon?},
year={2010},
volume={19},
number={2},
pages={229-238},
doi={10.1109/JMEMS.2009.2039697},
ISSN={1941-0158},
month={April},}

@article{sicvary,
author = {Liss,K.-D.  and dâ€™Almeida,T.  and Kaiser,M.  and Hock,R.  and Magerl,A.  and Eloy,J. F. },
title = {Time-resolved x-ray diffraction study of laser-induced shock and acoustic waves in single crystalline silicon},
journal = {Journal of Applied Physics},
volume = {106},
number = {4},
pages = {044914},
year = {2009},
doi = {10.1063/1.3204968},
}