@article{duan,
	Author = {Duan, Defang and Liu, Yunxian and Tian, Fubo and Li, Da and Huang, Xiaoli and Zhao, Zhonglong and Yu, Hongyu and Liu, Bingbing and Tian, Wenjing and Cui, Tian},
	Da = {2014/11/10},
	Date-Added = {2020-04-05 11:46:13 +0000},
	Date-Modified = {2020-04-05 11:46:37 +0000},
	Doi = {10.1038/srep06968},
	Id = {Duan2014},
	Isbn = {2045-2322},
	Journal = {Scientific Reports},
	Number = {1},
	Pages = {6968},
	Title = {Pressure-induced metallization of dense (H2S)2H2 with high-Tc superconductivity},
	Ty = {JOUR},
	Url = {https://doi.org/10.1038/srep06968},
	Volume = {4},
	Year = {2014},
	Bdsk-Url-1 = {https://doi.org/10.1038/srep06968}
}

@article{Drozdov_2015,
	title={Conventional superconductivity at 203 kelvin at high pressures in the sulfur hydride system},
	volume={525},
	ISSN={1476-4687},
	url={http://dx.doi.org/10.1038/nature14964},
	DOI={10.1038/nature14964},
	number={7567},
	journal={Nature},
	publisher={Springer Science and Business Media LLC},
	author={Drozdov, A. P. and Eremets, M. I. and Troyan, I. A. and Ksenofontov, V. and Shylin, S. I.},
	year={2015},
	month={Aug},
	pages={73–76}
}

@article{Somayazulu_2019,
	title={Evidence for Superconductivity above 260 K in Lanthanum Superhydride at Megabar Pressures},
	volume={122},
	ISSN={1079-7114},
	DOI={10.1103/physrevlett.122.027001},
	number={2},
	journal={Physical Review Letters},
	publisher={American Physical Society (APS)},
	author={Somayazulu, Maddury and Ahart, Muhtar and Mishra, Ajay K. and Geballe, Zachary M. and Baldini, Maria and Meng, Yue and Struzhkin, Viktor V. and Hemley, Russell J.},
	year={2019},
	month={Jan}
}

@article{Drozdov_2019,
	title={Superconductivity at 250 K in lanthanum hydride under high pressures},
	volume={569},
	ISSN={1476-4687},
	url={http://dx.doi.org/10.1038/s41586-019-1201-8},
	DOI={10.1038/s41586-019-1201-8},
	number={7757},
	journal={Nature},
	publisher={Springer Science and Business Media LLC},
	author={Drozdov, A. P. and Kong, P. P. and Minkov, V. S. and Besedin, S. P. and Kuzovnikov, M. A. and Mozaffari, S. and Balicas, L. and Balakirev, F. F. and Graf, D. E. and Prakapenka, V. B. and et al.},
	year={2019},
	month={May},
	pages={528–531}
}


@article{bednorz_muller,
	Author = {Bednorz, J. G. and M{\"u}ller, K. A.},
	Da = {1986/06/01},
	Date-Added = {2020-04-07 10:13:09 +0000},
	Date-Modified = {2020-04-07 10:13:31 +0000},
	Doi = {10.1007/BF01303701},
	Id = {Bednorz1986},
	Isbn = {1431-584X},
	Journal = {Zeitschrift f{\"u}r Physik B Condensed Matter},
	Number = {2},
	Pages = {189--193},
	Title = {Possible highTc superconductivity in the Ba−La−Cu−O system},
	Ty = {JOUR},
	Url = {https://doi.org/10.1007/BF01303701},
	Volume = {64},
	Year = {1986},
	Bdsk-Url-1 = {https://doi.org/10.1007/BF01303701}
}

@article{BCS,
	title = {Theory of Superconductivity},
	author = {Bardeen, J. and Cooper, L. N. and Schrieffer, J. R.},
	journal = {Phys. Rev.},
	volume = {108},
	issue = {5},
	pages = {1175--1204},
	numpages = {0},
	year = {1957},
	month = {Dec},
	publisher = {American Physical Society},
	doi = {10.1103/PhysRev.108.1175},
	url = {https://link.aps.org/doi/10.1103/PhysRev.108.1175}
}

@article{hk_thm,
	title = {Inhomogeneous Electron Gas},
	author = {Hohenberg, P. and Kohn, W.},
	journal = {Phys. Rev.},
	volume = {136},
	issue = {3B},
	pages = {B864--B871},
	numpages = {0},
	year = {1964},
	month = {Nov},
	publisher = {American Physical Society},
	doi = {10.1103/PhysRev.136.B864},
	url = {https://link.aps.org/doi/10.1103/PhysRev.136.B864}
}

@article{ks_eqns,
	title = {Self-Consistent Equations Including Exchange and Correlation Effects},
	author = {Kohn, W. and Sham, L. J.},
	journal = {Phys. Rev.},
	volume = {140},
	issue = {4A},
	pages = {A1133--A1138},
	numpages = {0},
	year = {1965},
	month = {Nov},
	publisher = {American Physical Society},
	doi = {10.1103/PhysRev.140.A1133},
	url = {https://link.aps.org/doi/10.1103/PhysRev.140.A1133}
}

@article{pbe,
	title = {Generalized Gradient Approximation Made Simple},
	author = {Perdew, John P. and Burke, Kieron and Ernzerhof, Matthias},
	journal = {Phys. Rev. Lett.},
	volume = {77},
	issue = {18},
	pages = {3865--3868},
	numpages = {0},
	year = {1996},
	month = {Oct},
	publisher = {American Physical Society},
	doi = {10.1103/PhysRevLett.77.3865},
	url = {https://link.aps.org/doi/10.1103/PhysRevLett.77.3865}
}

@article{sternheimer,
	title = {On Nuclear Quadrupole Moments},
	author = {Sternheimer, R.},
	journal = {Phys. Rev.},
	volume = {84},
	issue = {2},
	pages = {244--253},
	numpages = {0},
	year = {1951},
	month = {Oct},
	publisher = {American Physical Society},
	doi = {10.1103/PhysRev.84.244},
	url = {https://link.aps.org/doi/10.1103/PhysRev.84.244}
}

@article{estslides,
	title = {Slides: W6-Lattice dynamics},
	author = {A. Hermann},
	journal = {Electronic Structure Theory},
	year = {2019/2020},
}

@article{Harshman_2017,
	doi = {10.1088/1361-6668/aa5f3c},
	url = {https://doi.org/10.1088%2F1361-6668%2Faa5f3c},
	year = 2017,
	month = {mar},
	publisher = {{IOP} Publishing},
	volume = {30},
	number = {4},
	pages = {045011},
	author = {Dale R Harshman and Anthony T Fiory},
	title = {On the isotope effect in compressed superconducting H3S and D3S},
	journal = {Superconductor Science and Technology},
}


