@article{firstprinc,
author = {Na, Sung-Ho},
year = {2010},
month = {01},
pages = {},
title = {First-Principles Study of the Structural Phase Transition in Sn},
volume = {56},
journal = {Journal of The Korean Physical Society},
}

@article{jerry,
  title = {Melting and Polymorphism at High Pressures in Some Group IV Elements and III-V Compounds with the Diamond/Zincblende Structure},
  author = {Jayaraman, A. and Klement, W. and Kennedy, G. C.},
  journal = {Phys. Rev.},
  volume = {130},
  issue = {2},
  pages = {540--547},
  numpages = {0},
  year = {1963},
  month = {Apr},
  publisher = {American Physical Society},
}

@book{pt,
title={Phase Diagrams of the Elements},
author={DA Young},
year={1975},
pages={29}
}

@article{PRICE,
title = "The crystal dynamics of grey tin at 90Â°K",
journal = "Solid State Communications",
volume = "7",
number = "19",
pages = "1433 - 1438",
year = "1969",
author = "D.L. Price and J.M. Rowe",
}

@article{smithells,
title = {Smithells metals reference book, sixth edition},
author = {Brandes, E.A.},
place = {United States},
year = {1983},
month = {1}
}

@article{qdft,
Author = {Nekrashevich, S. S. and Gritsenko, V. A.},
Journal = {Physics of the Solid State},
Number = {2},
Pages = {207--222},
Title = {Electronic structure of silicon dioxide (a review)},
Volume = {56},
Year = {2014},
}

@article{qexp,
author = {Garvie, Laurence and Rez, Peter and Alvarez, Jose and Buseck, Peter and Craven, Alan and Brydson, Rik},
year = {2000},
month = {05},
pages = {},
title = {Bonding in alpha-quartz (SiO2): A view of the unoccupied states},
volume = {85},
journal = {American Mineralogist},
}

@article{asemi,
author = {Carrasco, Rigo and Zamarripa, Cesy and Zollner, Stefan and Menendez, Jose and Chastang, Stephanie and Duan, Jinsong and Grzybowski, Gordon and Claflin, Bruce and Kiefer, Arnold},
year = {2018},
month = {12},
pages = {232104},
title = {The direct bandgap of gray tin investigated by infrared ellipsometry},
volume = {113},
journal = {Applied Physics Letters},
}

